@misc{love_2005, title={Informit}, url={http://www.informit.com/articles/article.aspx?p=370047&seqNum=3}, journal={The Linux Implementation of Threads | Linux Kernel Process Management | InformIT}, publisher={Informit}, author={Love, Robert}, year={2005}, month={Apr}} 
@misc{about, title={About Processes and Threads}, url={https://msdn.microsoft.com/en-us/library/windows/desktop/ms681917(v=vs.85).aspx}, journal={About Processes and Threads (Windows)}, publisher={Microsoft Corporation}} 
@misc{bsd, title={Informit}, url={http://www.informit.com/articles/article.aspx?p=2249436&seqNum=4}, journal={4.4 Thread Scheduling | Process Management in the FreeBSD Operating System | InformIT}, publisher={Informit}, author={McKusick, Marshall Kirk and Neville-Niel, George V. and Watson, Robert N.M.}, year={2014}, month={Oct}} 
@misc{themorningpaper, title={The Linux Scheduler: a Decade of Wasted Cores}, url={https://blog.acolyer.org/2016/04/26/the-linux-scheduler-a-decade-of-wasted-cores/}, journal={the morning paper}, publisher={The Morning Paper}, year={2017}, month={Jul}}
@misc{wikipedia_2018, title={Scheduling (computing)}, url={https://en.wikipedia.org/wiki/Scheduling_(computing)#Windows}, journal={Wikipedia}, publisher={Wikimedia Foundation}, year={2018}, month={Mar}} 